[gd_scene load_steps=9 format=2]

[ext_resource path="res://tileset.tres" type="TileSet" id=1]
[ext_resource path="res://Cubo.gd" type="Script" id=2]
[ext_resource path="res://icon.png" type="Texture" id=3]
[ext_resource path="res://osb_left.png" type="Texture" id=4]
[ext_resource path="res://osb_right.png" type="Texture" id=5]
[ext_resource path="res://osb_fire.png" type="Texture" id=6]

[sub_resource type="PhysicsMaterial" id=1]

[sub_resource type="RayShape2D" id=2]
length = 2.70822

[node name="Escena" type="Node"]

[node name="TileMap" type="TileMap" parent="."]
tile_set = ExtResource( 1 )
collision_use_kinematic = true
format = 1
tile_data = PoolIntArray( 196615, 6, 0, 196618, 536870914, 0, 262145, 10, 0, 262149, 6, 0, 262154, 536870914, 0, 262155, 0, 0, 262156, 0, 0, 262157, 0, 0, 393214, 11, 0, 327690, 536870914, 0, 327691, 536870922, 0, 327692, 10, 0, 327693, 10, 0, 393216, 0, 0, 393217, 0, 0, 393218, 0, 0, 393219, 0, 0, 393220, 0, 0, 393221, 0, 0, 393222, 0, 0, 393223, 0, 0, 393224, 0, 0, 393225, 0, 0, 393226, 10, 0, 393227, 10, 0, 393228, 10, 0, 393229, 10, 0, 458752, 10, 0, 458753, 10, 0, 458754, 10, 0, 458755, 10, 0, 458756, 10, 0, 458757, 10, 0, 458758, 10, 0, 458759, 10, 0, 458760, 10, 0, 458761, 10, 0, 458762, 10, 0, 458763, 10, 0, 458764, 10, 0, 458765, 10, 0 )

[node name="Cubo" type="RigidBody2D" parent="."]
position = Vector2( 189.515, 293.135 )
mode = 2
mass = 3.0
physics_material_override = SubResource( 1 )
custom_integrator = true
contacts_reported = 3
script = ExtResource( 2 )

[node name="Sprite" type="Sprite" parent="Cubo"]
position = Vector2( 3.07935, -43.5739 )
scale = Vector2( 16.9505, 3.3069 )
texture = ExtResource( 3 )
vframes = 2
hframes = 16

[node name="Camera2D" type="Camera2D" parent="Cubo"]
position = Vector2( -1.89487, -2.00229 )
current = true

[node name="CollisionPolygon2D" type="CollisionPolygon2D" parent="Cubo"]
position = Vector2( 147.941, 129.787 )
scale = Vector2( 0.53125, 1 )
polygon = PoolVector2Array( -230.47, -202.302, -350.659, -138.976, -216.254, -128.638 )

[node name="CollisionShape2D" type="CollisionShape2D" parent="Cubo"]
shape = SubResource( 2 )

[node name="CanvasLayer" type="CanvasLayer" parent="Cubo"]

[node name="left" type="TouchScreenButton" parent="Cubo/CanvasLayer"]
position = Vector2( -164.129, -85.2954 )
normal = ExtResource( 4 )
passby_press = true
action = "move_left"
visibility_mode = 1

[node name="right" type="TouchScreenButton" parent="Cubo/CanvasLayer"]
position = Vector2( 0, -86.5878 )
normal = ExtResource( 5 )
passby_press = true
action = "move_right"
visibility_mode = 1

[node name="jump" type="TouchScreenButton" parent="Cubo/CanvasLayer"]
position = Vector2( -86.5878, -86.5878 )
normal = ExtResource( 6 )
action = "jump"
visibility_mode = 1

[node name="AnimationPlayer" type="AnimationPlayer" parent="Cubo"]
